<record><leader>00000cas a22000007a 4500</leader><controlfield tag="001">21418008</controlfield><controlfield tag="008">900423c19129999mouwr ne      0    0eng d</controlfield><datafield ind1=" " ind2=" " tag="010"><subfield code="a">sn 90061679 </subfield></datafield><datafield ind1=" " ind2=" " tag="040"><subfield code="a">MQN</subfield><subfield code="b">eng</subfield><subfield code="c">MQN</subfield><subfield code="d">OCLCQ</subfield></datafield><datafield ind1=" " ind2=" " tag="042"><subfield code="a">msc</subfield></datafield><datafield ind1="0" ind2="0" tag="245"><subfield code="a">Rich Hill mining review.</subfield></datafield><datafield ind1=" " ind2=" " tag="260"><subfield code="a">Rich Hill, Mo. :</subfield><subfield code="b">C.R. Walters,</subfield><subfield code="c">1912-</subfield></datafield><datafield ind1=" " ind2=" " tag="300"><subfield code="a">v.</subfield></datafield><datafield ind1=" " ind2=" " tag="310"><subfield code="a">Weekly</subfield></datafield><datafield ind1="0" ind2=" " tag="362"><subfield code="a">Vol. 32, no. 15 (Jan. 11, 1912)-</subfield></datafield><datafield ind1=" " ind2=" " tag="752"><subfield code="a">United States</subfield><subfield code="b">Missouri</subfield><subfield code="c">Bates</subfield><subfield code="d">Rich Hill.</subfield></datafield><datafield ind1="0" ind2=" " tag="775"><subfield code="t">Rich Hill daily review</subfield><subfield code="w">(DLC)sn 90061667</subfield></datafield><datafield ind1="0" ind2="0" tag="780"><subfield code="t">Mining review (Rich Hill, Mo.)</subfield><subfield code="w">(DLC)sn 90061668</subfield></datafield></record>